<?xml version="1.0" encoding="UTF-8"?><collection xmlns="http://www.loc.gov/MARC21/slim"><record><leader>00573nam--2200193-i-4500</leader><controlfield tag="001">000017288</controlfield><controlfield tag="002">20161230</controlfield><controlfield tag="005">20161230201032</controlfield><controlfield tag="008">060222s1000------------r-----000-0-eng-d</controlfield><datafield ind1=" " ind2=" " tag="040"><subfield code="a">IFIN-HH</subfield></datafield><datafield ind1=" " ind2=" " tag="080"><subfield code="a">514.145:517.511</subfield></datafield><datafield ind1="1" ind2=" " tag="100"><subfield code="a">Bridges Thomas J</subfield></datafield><datafield ind1="1" ind2="0" tag="245"><subfield code="a">Singularity theory and equivariant symplectic maps</subfield><subfield code="c">Thomas j. bridges; jacques e. furter</subfield></datafield><datafield ind1=" " ind2=" " tag="260"><subfield code="a">Berlin</subfield><subfield code="b">Springer-verlag</subfield><subfield code="c">1993</subfield></datafield><datafield ind1=" " ind2=" " tag="300"><subfield code="a">VI + 226 P</subfield></datafield><datafield ind1=" " ind2=" " tag="490"><subfield code="a">Lecture Notes In Mathematics</subfield><subfield code="v">Vol. 1558</subfield></datafield><datafield ind1=" " ind2=" " tag="752"><subfield code="a">Furter, Jacques E</subfield></datafield><datafield ind1=" " ind2=" " tag="852"><subfield code="a">80308</subfield><subfield code="c">517.5</subfield></datafield><datafield ind1=" " ind2=" " tag="CAT"><subfield code="a">Sys</subfield><subfield code="c">20150807</subfield><subfield code="h">111415</subfield></datafield></record></collection>